@article{freeman2011metamers,
  title={Metamers of the ventral stream},
  author={Freeman, Jeremy and Simoncelli, Eero P},
  journal={Nature neuroscience},
  volume={14},
  number={9},
  pages={1195--1201},
  year={2011},
  publisher={Nature Publishing Group}
}
@article{meliza2010representations,
  title={Representations of conspecific song by starling secondary forebrain auditory neurons: toward a hierarchical framework},
  author={Meliza, C Daniel and Chi, Zhiyi and Margoliash, Daniel},
  journal={Journal of neurophysiology},
  volume={103},
  number={3},
  pages={1195--1208},
  year={2010},
  publisher={Am Physiological Soc}
}
@article{sharpee2004analyzing,
  title={Analyzing neural responses to natural signals: maximally informative dimensions},
  author={Sharpee, Tatyana and Rust, Nicole C and Bialek, William},
  journal={Neural computation},
  volume={16},
  number={2},
  pages={223--250},
  year={2004},
  publisher={MIT Press}
}
@article{wang2010laminar,
  title={Laminar and columnar auditory cortex in avian brain},
  author={Wang, Yuan and Brzozowska-Prechtl, Agnieszka and Karten, Harvey J},
  journal={Proceedings of the National Academy of Sciences},
  volume={107},
  number={28},
  pages={12676--12681},
  year={2010},
  publisher={National Acad Sciences}
}
@article{gentner2003neuronal,
  title={Neuronal populations and single cells representing learned auditory objects},
  author={Gentner, Timothy Q and Margoliash, Daniel},
  journal={Nature},
  volume={424},
  number={6949},
  pages={669--674},
  year={2003},
  publisher={Nature Publishing Group}
}
@article{hinton2006reducing,
  title={Reducing the dimensionality of data with neural networks},
  author={Hinton, Geoffrey E and Salakhutdinov, Ruslan R},
  journal={Science},
  volume={313},
  number={5786},
  pages={504--507},
  year={2006},
  publisher={American Association for the Advancement of Science}
}
@inproceedings{lee2009convolutional,
  title={Convolutional deep belief networks for scalable unsupervised learning of hierarchical representations},
  author={Lee, Honglak and Grosse, Roger and Ranganath, Rajesh and Ng, Andrew Y},
  booktitle={Proceedings of the 26th Annual International Conference on Machine Learning},
  pages={609--616},
  year={2009},
  organization={ACM}
}
@article{brown1968auto,
  title={AUTO-SHAPING OF THE PIGEON'S KEY-PECK},
  author={Brown, Paul L and Jenkins, Herbert M},
  journal={Journal of the experimental analysis of behavior},
  volume={11},
  number={1},
  pages={1--8},
  year={1968},
  publisher={Wiley Online Library}
}

@article{kriegeskorte2008representational,
  title={Representational similarity analysis--connecting the branches of systems neuroscience},
  author={Kriegeskorte, Nikolaus and Mur, Marieke and Bandettini, Peter},
  journal={Frontiers in systems neuroscience},
  volume={2},
  year={2008},
  publisher={Frontiers Research Foundation}
}

@article{dosovitskiy2014learning,
  title={Learning to Generate Chairs with Convolutional Neural Networks},
  author={Dosovitskiy, Alexey and Springenberg, Jost Tobias and Brox, Thomas},
  journal={arXiv preprint arXiv:1411.5928},
  year={2014}
}

@article{freedman2011proposed,
  title={A proposed common neural mechanism for categorization and perceptual decisions},
  author={Freedman, David J and Assad, John A},
  journal={Nature neuroscience},
  volume={14},
  number={2},
  pages={143--146},
  year={2011},
  publisher={Nature Publishing Group}
}

@article{hinton2012improving,
  title={Improving neural networks by preventing co-adaptation of feature detectors},
  author={Hinton, Geoffrey E and Srivastava, Nitish and Krizhevsky, Alex and Sutskever, Ilya and Salakhutdinov, Ruslan R},
  journal={arXiv preprint arXiv:1207.0580},
  year={2012}
}

@article{lecun1998gradient,
  title={Gradient-based learning applied to document recognition},
  author={LeCun, Yann and Bottou, L{\'e}on and Bengio, Yoshua and Haffner, Patrick},
  journal={Proceedings of the IEEE},
  volume={86},
  number={11},
  pages={2278--2324},
  year={1998},
  publisher={IEEE}
}

@inproceedings{dauphin2014identifying,
  title={Identifying and attacking the saddle point problem in high-dimensional non-convex optimization},
  author={Dauphin, Yann N and Pascanu, Razvan and Gulcehre, Caglar and Cho, Kyunghyun and Ganguli, Surya and Bengio, Yoshua},
  booktitle={Advances in Neural Information Processing Systems},
  pages={2933--2941},
  year={2014}
}

@article{cadieu2014deep,
  title={Deep neural networks rival the representation of primate IT cortex for core visual object recognition},
  author={Cadieu, Charles F and Hong, Ha and Yamins, Daniel LK and Pinto, Nicolas and Ardila, Diego and Solomon, Ethan A and Majaj, Najib J and DiCarlo, James J},
  journal={PLoS computational biology},
  volume={10},
  number={12},
  pages={e1003963},
  year={2014},
  publisher={Public Library of Science}
}

@article{muller1985feature,
  title={Feature extraction and tonotopic organization in the avian auditory forebrain},
  author={M{\"u}ller, CM and Leppelsack, H-J},
  journal={Experimental Brain Research},
  volume={59},
  number={3},
  pages={587--599},
  year={1985},
  publisher={Springer}
}

@article{hsu2004modulation,
  title={Modulation power and phase spectrum of natural sounds enhance neural encoding performed by single auditory neurons},
  author={Hsu, Anne and Woolley, Sarah MN and Fremouw, Thane E and Theunissen, Fr{\'e}d{\'e}ric E},
  journal={The Journal of neuroscience},
  volume={24},
  number={41},
  pages={9201--9211},
  year={2004},
  publisher={Soc Neuroscience}
}

@article{theunissen1998temporal,
  title={Temporal and spectral sensitivity of complex auditory neurons in the nucleus HVc of male zebra finches},
  author={Theunissen, Fr{\'e}d{\'e}ric E and Doupe, Allison J},
  journal={The Journal of neuroscience},
  volume={18},
  number={10},
  pages={3786--3802},
  year={1998},
  publisher={Soc Neuroscience}
}

@article{theunissen2000spectral,
  title={Spectral-temporal receptive fields of nonlinear auditory neurons obtained using natural sounds},
  author={Theunissen, Fr{\'e}d{\'e}ric E and Sen, Kamal and Doupe, Allison J},
  journal={The Journal of Neuroscience},
  volume={20},
  number={6},
  pages={2315--2331},
  year={2000},
  publisher={Soc Neuroscience}
}

@article{gentner2004neural,
  title={Neural systems for individual song recognition in adult birds},
  author={Gentner, TQ},
  journal={Annals of the New York Academy of Sciences},
  volume={1016},
  number={1},
  pages={282--302},
  year={2004},
  publisher={Wiley Online Library}
}

@article{thompson2010song,
  title={Song recognition learning and stimulus-specific weakening of neural responses in the avian auditory forebrain},
  author={Thompson, Jason V and Gentner, Timothy Q},
  journal={Journal of neurophysiology},
  volume={103},
  number={4},
  pages={1785--1797},
  year={2010},
  publisher={Am Physiological Soc}
}

@article{jeanne2011emergence,
  title={Emergence of learned categorical representations within an auditory forebrain circuit},
  author={Jeanne, James M and Thompson, Jason V and Sharpee, Tatyana O and Gentner, Timothy Q},
  journal={The Journal of Neuroscience},
  volume={31},
  number={7},
  pages={2595--2606},
  year={2011},
  publisher={Soc Neuroscience}
}

@article{hackett1960origin,
  title={The origin of speech},
  author={Hockett, Charles F},
  journal={Scientific American},
  volume={203},
  pages={88--96},
  year={1960}
}

@article{kadir2014high,
  title={High-dimensional cluster analysis with the Masked EM Algorithm},
  author={Kadir, Shabnam N and Goodman, Dan FM and Harris, Kenneth D},
  journal={Neural computation},
  year={2014},
  publisher={MIT Press}
}

@article{fitzgerald2011minimal,
  title={Minimal models of multidimensional computations},
  author={Fitzgerald, Jeffrey D and Sincich, Lawrence C and Sharpee, Tatyana O},
  journal={PLoS Comput Biol},
  volume={7},
  number={3},
  pages={e1001111},
  year={2011},
  publisher={Public Library of Science}
}

@article{comins2014auditory,
  title={Auditory temporal pattern learning by songbirds using maximal stimulus diversity and minimal repetition},
  author={Comins, Jordan A and Gentner, Timothy Q},
  journal={Animal cognition},
  volume={17},
  number={5},
  pages={1023--1030},
  year={2014},
  publisher={Springer}
}

@article{atencio2008cooperative,
  title={Cooperative nonlinearities in auditory cortical neurons},
  author={Atencio, Craig A and Sharpee, Tatyana O and Schreiner, Christoph E},
  journal={Neuron},
  volume={58},
  number={6},
  pages={956--966},
  year={2008},
  publisher={Elsevier}
}

@article{kozlov2016central,
  title={Central auditory neurons have composite receptive fields},
  author={Kozlov, Andrei S and Gentner, Timothy Q},
  journal={Proceedings of the National Academy of Sciences},
  pages={201506903},
  year={2016},
  publisher={National Acad Sciences}
}

@article{lisker1964cross,
  title={A cross-language study of voicing in initial stops: Acoustical measurements},
  author={Lisker, Leigh and Abramson, Arthur S},
  journal={Word},
  volume={20},
  number={3},
  pages={384--422},
  year={1964},
  publisher={Taylor \& Francis}
}

@article{birdsong2005dissertation,
  title={The Dissertation Committee for Jessica Sari Fleming Hay certifies that this is the approved version of the following dissertation},
  author={Birdsong, David P and Cohen, Leslie B and Echols, Catharine H},
  year={2005},
  publisher={Citeseer}
}

@article{tsunada2011representation,
  title={Representation of speech categories in the primate auditory cortex},
  author={Tsunada, Joji and Lee, Jung Hoon and Cohen, Yale E},
  journal={Journal of Neurophysiology},
  volume={105},
  number={6},
  pages={2634--2646},
  year={2011},
  publisher={Am Physiological Soc}
}

@article{gentner2006recursive,
  title={Recursive syntactic pattern learning by songbirds},
  author={Gentner, Timothy Q and Fenn, Kimberly M and Margoliash, Daniel and Nusbaum, Howard C},
  journal={Nature},
  volume={440},
  number={7088},
  pages={1204--1207},
  year={2006},
  publisher={Nature Publishing Group}
}

@article{comins2014temporal,
  title={Temporal pattern processing in songbirds},
  author={Comins, Jordan A and Gentner, Timothy Q},
  journal={Current opinion in neurobiology},
  volume={28},
  pages={179--187},
  year={2014},
  publisher={Elsevier}
}

@article{yamins2016using,
  title={Using goal-driven deep learning models to understand sensory cortex},
  author={Yamins, Daniel LK and DiCarlo, James J},
  journal={Nature neuroscience},
  volume={19},
  number={3},
  pages={356--365},
  year={2016},
  publisher={Nature Publishing Group}
}

@article{gill2008s,
  title={What's that sound? Auditory area CLM encodes stimulus surprise, not intensity or intensity changes},
  author={Gill, Patrick and Woolley, Sarah MN and Fremouw, Thane and Theunissen, Fr{\'e}d{\'e}ric E},
  journal={Journal of neurophysiology},
  volume={99},
  number={6},
  pages={2809--2820},
  year={2008},
  publisher={Am Physiological Soc}
}

@article{lin2016critical,
  title={Critical Behavior from Deep Dynamics: A Hidden Dimension in Natural Language},
  author={Lin, Henry W and Tegmark, Max},
  journal={arXiv preprint arXiv:1606.06737},
  year={2016}
}

@article{michel2016improving,
  title={Improving Phoneme segmentation with Recurrent Neural Networks},
  author={Michel, Paul and R{\"a}s{\"a}nen, Okko and Thiolli{\`e}re, Roland and Dupoux, Emmanuel},
  journal={arXiv preprint arXiv:1608.00508},
  year={2016}
}

@article{comins2013perceptual,
  title={Perceptual categories enable pattern generalization in songbirds},
  author={Comins, Jordan A and Gentner, Timothy Q},
  journal={Cognition},
  volume={128},
  number={2},
  pages={113--118},
  year={2013},
  publisher={Elsevier}
}

@article{gentner1998perceptual,
  title={Perceptual mechanisms for individual vocal recognition in European starlings, Sturnus vulgaris},
  author={Gentner, Timothy Q and Hulse, Stewart H},
  journal={Animal behaviour},
  volume={56},
  number={3},
  pages={579--594},
  year={1998},
  publisher={Elsevier}
}

@article{meliza2009representations,
  title={Representations of conspecific song by starling secondary forebrain auditory neurons: toward a hierarchical framework},
  author={Meliza, C Daniel and Chi, Zhiyi and Margoliash, Daniel},
  journal={Journal of neurophysiology},
  volume={103},
  number={3},
  pages={1195--1208},
  year={2009},
  publisher={American Physiological Society Bethesda, MD}
}

@article{quiroga2005invariant,
  title={Invariant visual representation by single neurons in the human brain},
  author={Quiroga, R Quian and Reddy, Leila and Kreiman, Gabriel and Koch, Christof and Fried, Itzhak},
  journal={Nature},
  volume={435},
  number={7045},
  pages={1102},
  year={2005},
  publisher={Nature Publishing Group}
}

@article{patternplayback,
  title={The interconversion of audible and visible patterns as a basis for research in the perception of speech},
  author={Cooper, Franklin S and Liberman, Alvin M and Borst, John M},
  journal={Proceedings of the National Academy of Sciences of the United States of America},
  volume={37},
  number={5},
  pages={318},
  year={1951},
  publisher={National Academy of Sciences}
}

@article{liberman1957discrimination,
  title={The discrimination of speech sounds within and across phoneme boundaries.},
  author={Liberman, Alvin M and Harris, Katherine Safford and Hoffman, Howard S and Griffith, Belver C},
  journal={Journal of experimental psychology},
  volume={54},
  number={5},
  pages={358},
  year={1957},
  publisher={American Psychological Association}
}

@article{goldstone2010categorical,
  title={Categorical perception},
  author={Goldstone, Robert L and Hendrickson, Andrew T},
  journal={Wiley Interdisciplinary Reviews: Cognitive Science},
  volume={1},
  number={1},
  pages={69--78},
  year={2010},
  publisher={Wiley Online Library}
}

@article{burns1978categorical,
  title={Categorical perception—phenomenon or epiphenomenon: Evidence from experiments in the perception of melodic musical intervals},
  author={Burns, Edward M and Ward, W Dixon},
  journal={The Journal of the Acoustical Society of America},
  volume={63},
  number={2},
  pages={456--468},
  year={1978},
  publisher={ASA}
}

@article{cutting1982plucks,
  title={Plucks and bows are categorically perceived, sometimes},
  author={Cutting, James E},
  journal={Perception \& Psychophysics},
  volume={31},
  number={5},
  pages={462--476},
  year={1982},
  publisher={Springer}
}

@article{kuhl1975speech,
  title={Speech perception by the chinchilla: Voiced-voiceless distinction in alveolar plosive consonants},
  author={Kuhl, Patricia K and Miller, James D},
  journal={Science},
  volume={190},
  number={4209},
  pages={69--72},
  year={1975},
  publisher={American Association for the Advancement of Science}
}

@article{kuhl1983enhanced,
  title={Enhanced discriminability at the phonetic boundaries for the place feature in macaques},
  author={Kuhl, Patricia K and Padden, Denise M},
  journal={The Journal of the Acoustical Society of America},
  volume={73},
  number={3},
  pages={1003--1010},
  year={1983},
  publisher={ASA}
}

@article{snowdon1979response,
  title={Response of nonhuman animals to speech and to species-specific sounds},
  author={Snowdon, Charles T},
  journal={Brain, behavior and evolution},
  volume={16},
  number={5-6},
  pages={409--429},
  year={1979},
  publisher={Karger Publishers}
}

@article{beecher1979perception,
  title={Perception of conspecific vocalizations by Japanese macaques},
  author={Beecher, Michael D and Petersen, Michael R and Zoloth, Stephen R and Moody, David B and Stebbins, William C},
  journal={Brain, Behavior and Evolution},
  volume={16},
  number={5-6},
  pages={443--460},
  year={1979},
  publisher={Karger Publishers}
}

@article{may1989categorical,
  title={Categorical perception of conspecific communication sounds by Japanese macaques, M acacafuscata},
  author={May, Brad and Moody, David B and Stebbins, William C},
  journal={The Journal of the Acoustical Society of America},
  volume={85},
  number={2},
  pages={837--847},
  year={1989},
  publisher={ASA}
}

@article{nelson1989categorical,
  title={Categorical perception of a natural stimulus continuum: birdsong},
  author={Nelson, Douglas A and Marler, Peter},
  journal={Science},
  volume={244},
  number={4907},
  pages={976--978},
  year={1989},
  publisher={American Association for the Advancement of Science}
}

@article{soha2015vocal,
  title={Vocal learning in songbirds and humans: a retrospective in honor of Peter Marler},
  author={Soha, Jill A and Peters, Susan},
  journal={Ethology},
  volume={121},
  number={10},
  pages={933--945},
  year={2015},
  publisher={Wiley Online Library}
}

@article{prather2009neural,
  title={Neural correlates of categorical perception in learned vocal communication},
  author={Prather, Jonathan F and Nowicki, Stephen and Anderson, Rindy C and Peters, Susan and Mooney, Richard},
  journal={Nature neuroscience},
  volume={12},
  number={2},
  pages={221},
  year={2009},
  publisher={Nature Publishing Group}
}

@article{lachlan2015context,
  title={Context-dependent categorical perception in a songbird},
  author={Lachlan, Robert F and Nowicki, Stephen},
  journal={Proceedings of the National Academy of Sciences},
  volume={112},
  number={6},
  pages={1892--1897},
  year={2015},
  publisher={National Acad Sciences}
}

@article{bolhuis2010twitter,
  title={Twitter evolution: converging mechanisms in birdsong and human speech},
  author={Bolhuis, Johan J and Okanoya, Kazuo and Scharff, Constance},
  journal={Nature Reviews Neuroscience},
  volume={11},
  number={11},
  pages={747},
  year={2010},
  publisher={Nature Publishing Group}
}

@article{schiavo2019capacities,
  title={Capacities and neural mechanisms for auditory statistical learning across species},
  author={Schiavo, Jennifer K and Froemke, Robert C},
  journal={Hearing research},
  year={2019},
  publisher={Elsevier}
}

@article{chang2010categorical,
  title={Categorical speech representation in human superior temporal gyrus},
  author={Chang, Edward F and Rieger, Jochem W and Johnson, Keith and Berger, Mitchel S and Barbaro, Nicholas M and Knight, Robert T},
  journal={Nature neuroscience},
  volume={13},
  number={11},
  pages={1428},
  year={2010},
  publisher={Nature Publishing Group}
}

@article{zhang2013categorical,
  title={Categorical perception},
  author={Zhang, Yang},
  journal={Unpublished encyclopedia article manuscript},
  year={2013}
}

@article{zhang2005effects,
  title={Effects of language experience: neural commitment to language-specific auditory patterns},
  author={Zhang, Yang and Kuhl, Patricia K and Imada, Toshiaki and Kotani, Makoto and Tohkura, Yoh'ichi},
  journal={NeuroImage},
  volume={26},
  number={3},
  pages={703--720},
  year={2005},
  publisher={Elsevier}
}

@article{sundara2008discrimination,
  title={Discrimination of coronal stops by bilingual adults: The timing and nature of language interaction},
  author={Sundara, Megha and Polka, Linda},
  journal={Cognition},
  volume={106},
  number={1},
  pages={234--258},
  year={2008},
  publisher={Elsevier}
}

@article{schouten2003end,
  title={The end of categorical perception as we know it},
  author={Schouten, Bert and Gerrits, Ellen and Van Hessen, Arjan},
  journal={Speech communication},
  volume={41},
  number={1},
  pages={71--80},
  year={2003},
  publisher={Elsevier}
}

@article{van1999categorical,
  title={Categorical perception as a function of stimulus quality},
  author={Van Hessen, Arjan J and Schouten, Marten Egbertus Hendrik},
  journal={Phonetica},
  volume={56},
  number={1-2},
  pages={56--72},
  year={1999},
  publisher={Karger Publishers}
}

@incollection{stevens1981constraints,
  title={Constraints imposed by the auditory system on the properties used to classify speech sounds: Data from phonology, acoustics, and psychoacoustics},
  author={Stevens, Kenneth N},
  booktitle={Advances in psychology},
  volume={7},
  pages={61--74},
  year={1981},
  publisher={Elsevier}
}

@article{liberman1967perception,
  title={Perception of the speech code.},
  author={Liberman, Alvin M and Cooper, Franklin S and Shankweiler, Donald P and Studdert-Kennedy, Michael},
  journal={Psychological review},
  volume={74},
  number={6},
  pages={431},
  year={1967},
  publisher={American Psychological Association}
}

@article{studdert1970motor,
  title={Motor theory of speech perception: A reply to Lane's critical review.},
  author={Studdert-Kennedy, Michael and Liberman, Alvin M and Harris, Katherine S and Cooper, Franklin S},
  year={1970},
  publisher={American Psychological Association}
}

@article{carney1977noncategorical,
  title={Noncategorical perception of stop consonants differing in VOT},
  author={Carney, Arlene Earley and Widin, Gregory P and Viemeister, Neal F},
  journal={The Journal of the Acoustical Society of America},
  volume={62},
  number={4},
  pages={961--970},
  year={1977},
  publisher={ASA}
}

@article{massaro1983categorical,
  title={Categorical or continuous speech perception: A new test},
  author={Massaro, Dominic W and Cohen, Michael M},
  journal={Speech communication},
  volume={2},
  number={1},
  pages={15--35},
  year={1983},
  publisher={Elsevier}
}

@article{pisoni1974reaction,
  title={Reaction times to comparisons within and across phonetic categories},
  author={Pisoni, David B and Tash, Jeffrey},
  journal={Perception \& psychophysics},
  volume={15},
  number={2},
  pages={285--290},
  year={1974},
  publisher={Springer}
}

@article{mcmurray2008gradient,
  title={Gradient sensitivity to within-category variation in words and syllables.},
  author={McMurray, Bob and Aslin, Richard N and Tanenhaus, Michael K and Spivey, Michael J and Subik, Dana},
  journal={Journal of Experimental Psychology: Human Perception and Performance},
  volume={34},
  number={6},
  pages={1609},
  year={2008},
  publisher={American Psychological Association}
}

@article{miller1997internal,
  title={Internal structure of phonetic categories},
  author={Miller, Joanne L},
  journal={Language and cognitive processes},
  volume={12},
  number={5-6},
  pages={865--870},
  year={1997},
  publisher={Taylor \& Francis}
}

@article{andruski1994effect,
  title={The effect of subphonetic differences on lexical access},
  author={Andruski, Jean E and Blumstein, Sheila E and Burton, Martha},
  journal={Cognition},
  volume={52},
  number={3},
  pages={163--187},
  year={1994},
  publisher={Elsevier}
}

@article{mcmurray2002gradient,
  title={Gradient effects of within-category phonetic variation on lexical access},
  author={McMurray, Bob and Tanenhaus, Michael K and Aslin, Richard N},
  journal={Cognition},
  volume={86},
  number={2},
  pages={B33--B42},
  year={2002},
  publisher={Elsevier}
}

@article{halle1979some,
  title={Some reflections on the theoretical bases of phonetics},
  author={Halle, Morris and Stevens, Kenneth N},
  journal={Frontiers of speech communication research},
  pages={335--349},
  year={1979},
  publisher={Academic Press London}
}

@article{knudsen2013active,
  title={Active recognition enhances the representation of behaviorally relevant information in single auditory forebrain neurons},
  author={Knudsen, Daniel P and Gentner, Timothy Q},
  journal={Journal of neurophysiology},
  volume={109},
  number={7},
  pages={1690--1703},
  year={2013},
  publisher={American Physiological Society Bethesda, MD}
}

@article{GAIA,
  title={Generative adversarial interpolative autoencoding: adversarial training on latent space interpolations encourage convex latent distributions},
  author={Sainburg, Tim and Thielk, Marvin and Theilman, Brad and Migliori, Benjamin and Gentner, Timothy},
  journal={arXiv preprint arXiv:1807.06650},
  year={2018}
}

@article{sainburg2019parallels,
  title={Parallels in the sequential organization of birdsong and human speech},
  author={Sainburg, Tim and Theilman, Brad and Thielk, Marvin and Gentner, Timothy},
  year={2019, in submission}
}

@inproceedings{itti2005principled,
  title={A principled approach to detecting surprising events in video},
  author={Itti, Laurent and Baldi, Pierre},
  booktitle={2005 IEEE Computer Society Conference on Computer Vision and Pattern Recognition (CVPR'05)},
  volume={1},
  pages={631--637},
  year={2005},
  organization={IEEE}
}

@article{CPC,
  title={Representation learning with contrastive predictive coding},
  author={Oord, Aaron van den and Li, Yazhe and Vinyals, Oriol},
  journal={arXiv preprint arXiv:1807.03748},
  year={2018}
}

@inproceedings{STRAIGHT,
  title={Auditory morphing based on an elastic perceptual distance metric in an interference-free time-frequency representation},
  author={Kawahara, Hideki and Matsui, Hisami},
  booktitle={2003 IEEE International Conference on Acoustics, Speech, and Signal Processing, 2003. Proceedings.(ICASSP'03).},
  volume={1},
  pages={I--I},
  year={2003},
  organization={IEEE}
}

@inproceedings{waveglow,
  title={WaveGlow: A flow-based generative network for speech synthesis},
  author={Prenger, Ryan and Valle, Rafael and Catanzaro, Bryan},
  booktitle={ICASSP 2019-2019 IEEE International Conference on Acoustics, Speech and Signal Processing (ICASSP)},
  pages={3617--3621},
  year={2019},
  organization={IEEE}
}